<record><leader>00000cas a22000007a 4500</leader><controlfield tag="001">23986969</controlfield><controlfield tag="008">910625d186718uuncuwr ne      0    0eng d</controlfield><controlfield tag="009">13381</controlfield><datafield ind1=" " ind2=" " tag="010"><subfield code="a">sn 91068043 </subfield></datafield><datafield ind1=" " ind2=" " tag="040"><subfield code="a">NVJ</subfield><subfield code="b">eng</subfield><subfield code="c">NVJ</subfield><subfield code="d">DLC</subfield><subfield code="d">OCLCF</subfield></datafield><datafield ind1="1" ind2=" " tag="029"><subfield code="a">AU@</subfield><subfield code="b">000025858533</subfield></datafield><datafield ind1=" " ind2=" " tag="042"><subfield code="a">msc</subfield></datafield><datafield ind1=" " ind2=" " tag="043"><subfield code="a">n-us-nc</subfield></datafield><datafield ind1="0" ind2="0" tag="050"><subfield code="a">Newspaper</subfield></datafield><datafield ind1="0" ind2="0" tag="245"><subfield code="a">Asheville pioneer.</subfield></datafield><datafield ind1=" " ind2=" " tag="260"><subfield code="a">Asheville, N.C. :</subfield><subfield code="b">A.H. Jones</subfield></datafield><datafield ind1=" " ind2=" " tag="300"><subfield code="a">v.</subfield></datafield><datafield ind1=" " ind2=" " tag="310"><subfield code="a">Weekly</subfield></datafield><datafield ind1="0" ind2=" " tag="362"><subfield code="a">Vol. 2, no. 13 (Aug. 20, 1867)-</subfield></datafield><datafield ind1=" " ind2="0" tag="651"><subfield code="a">Asheville (N.C.)</subfield><subfield code="v">Newspapers.</subfield></datafield><datafield ind1=" " ind2="7" tag="655"><subfield code="a">Newspapers.</subfield><subfield code="2">fast</subfield><subfield code="0">(OCoLC)fst01423814</subfield></datafield><datafield ind1=" " ind2="7" tag="651"><subfield code="a">North Carolina</subfield><subfield code="z">Asheville.</subfield><subfield code="2">fast</subfield><subfield code="0">(OCoLC)fst01205440</subfield></datafield><datafield ind1=" " ind2=" " tag="752"><subfield code="a">United States</subfield><subfield code="b">North Carolina</subfield><subfield code="c">Buncombe</subfield><subfield code="d">Asheville.</subfield></datafield><datafield ind1="0" ind2="0" tag="780"><subfield code="t">Henderson pioneer</subfield><subfield code="w">(DLC)sn 85026800</subfield></datafield><datafield ind1="0" ind2="0" tag="785"><subfield code="t">Weekly pioneer (Asheville, N.C.)</subfield><subfield code="w">(DLC)sn 84026426</subfield></datafield></record>